 @misc{govuk:cyber,
   author       = {{Department for Digital, Culture, Media \& Sport}},
   title        = { Cyber Security Breaches Survey 2022 },
   year         = {2022},
   url          = {https://www.gov.uk/government/statistics/cyber-security-breaches-survey-2022/cyber-security-breaches-survey-2022},
   note         = "[Online; accessed 7-декабрь-2023]"
 }
 
 @misc{scan-the-web,
    author       = {Dennis Fisher},
    title        = {Scanning the Internet in 45 Minutes},
    year         = {2013},
    url          = {https://threatpost.com/scanning-the-internet-in-45-minutes/102025/},
    note         = "[Online; accessed 7-декабрь-2023]"
     }

@inproceedings{ssh-risk-monitoring,
author = {Fahrnberger, Günter},
year = {2022},
month = {06},
pages = {75-95},
title = {Realtime Risk Monitoring of SSH Brute Force Attacks},
isbn = {978-3-031-06667-2},
doi = {10.1007/978-3-031-06668-9_8}
}

  @misc{ enwiki:1188601229,
    author = "{Wikipedia contributors}",
    title = "Internet background noise --- {Wikipedia}{,} The Free Encyclopedia",
    year = "2023",
    url = "https://en.wikipedia.org/w/index.php?title=Internet_background_noise&oldid=1188601229",
    note = "[Online; accessed 7-декабрь-2023]"
  }
  @misc{ what-honeypot,
    author = "{Kaspersky Lab}",
    title = "What is a honeypot? ",
    year = "2023",
    url = {https://www.kaspersky.com/resource-center/threats/what-is-a-honeypot},
    note = "[Online; accessed 7-декабрь-2023]"
  }

  @misc{ssh-auth-logger,
    author = "JustinAzoff",
    title = "ssh-auth-logger",
    year = "2016-2022",
    url = {https://github.com/JustinAzoff/ssh-auth-logger},
    note = "[Online; accessed 7-декабрь-2023]"
  }

  @misc{ssh-honeypotd,
    author = "sjinks",
    title = "ssh-honeypotd",
    year = "2014-2023",
    url = {https://github.com/sjinks/ssh-honeypotd},
    note = "[Online; accessed 7-декабрь-2023]"
  }


  @misc{kippo,
    author = "desaster",
    title = "kippo",
    year = "2011-2023",
    url = {https://github.com/desaster/kippo},
    note = "[Online; accessed 7-декабрь-2023]"
  }

  @misc{cowrie,
    author = "micheloosterhof",
    title = "cowrie",
    year = "2015-2023",
    url = {https://github.com/cowrie/cowrie},
    note = "[Online; accessed 7-декабрь-2023]"
  }
  @misc{sshsyrup,
    author = "micheloosterhof",
    title = "victpork",
    year = "2018-2019",
    url = {https://github.com/victpork/sshsyrup},
    note = "[Online; accessed 7-декабрь-2023]"
  }

  @misc{wetland,
    author = "ohmyadd",
    title = "wetland",
    year = "2017-2023",
    url = {https://github.com/ohmyadd/wetland},
    note = "[Online; accessed 7-декабрь-2023]"
  }

  @misc{lazyssh,
    author = "stephank",
    title = "lazyssh",
    year = "2020-2021",
    url = {https://github.com/containerssh/containerssh},
    note = "[Online; accessed 7-декабрь-2023]"
  }

  @misc{fail2ban,
    author = "sebres",
    title = "fail2ban",
    year = "2006-2023",
    url = {https://github.com/fail2ban/fail2ban},
    note = "[Online; accessed 7-декабрь-2023]"
  }


  @misc{containerssh,
    author = "janosdebugs",
    title = "containerssh",
    year = "2020-2023",
    url = {https://github.com/containerssh/containerssh},
    note = "[Online; accessed 7-декабрь-2023]"
  }

  @misc{crowdsec,
    author = "buixor",
    title = "CrowdSec",
    year = "2020-2023",
    url = {https://github.com/crowdsecurity/crowdsec},
    note = "[Online; accessed 7-декабрь-2023]"
  }

  @misc{firewall-vulns,
    author = "Pedro Ribeiro and Radek Domanski",
    title = "CVE-2021-27245",
    year = "2021",
    url = {https://www.cve.org/CVERecord?id=CVE-2021-27245},
    note = "[Online; accessed 7-декабрь-2023]"
  }

    @misc{container-vulns,
    author = "Rory McCune",
    title = "CVE-2022-0185 in Linux Kernel Can Allow Container Escape in Kubernetes",
    year = "2022",
    url = {https://blog.aquasec.com/cve-2022-0185-linux-kernel-container-escape-in-kubernetes},
    note = "[Online; accessed 7-декабрь-2023]"
  }


    @misc{vm-vulns,
    author = "Rafal Wojtczuk",
    title = "CVE-2012-0217",
    year = "2012",
    url = {https://www.cve.org/CVERecord?id=CVE-2012-0217},
    note = "[Online; accessed 7-декабрь-2023]"
  }
    @misc{port-knocking,
    author = "Dave McKay",
    title = "How to Use Port Knocking on Linux (and Why You Shouldn't)",
    year = "2019",
    url = {https://www.howtogeek.com/442733/how-to-use-port-knocking-on-linux-and-why-you-shouldnt/},
    note = "[Online; accessed 7-декабрь-2023]"
  }

@INPROCEEDINGS{paper:10082467,

  author={Zhang, Yong-Jian and Liu, Wen-Jie and Guo, Ke-Nan and Kang, Yan-Mei},

  booktitle={2023 IEEE 6th Information Technology,Networking,Electronic and Automation Control Conference (ITNEC)}, 

  title={Identification of SSH Honeypots Using Machine Learning Techniques Based on Multi-Fingerprinting}, 

  year={2023},

  volume={6},

  number={},

  pages={1376-1381},

  doi={10.1109/ITNEC56291.2023.10082467}}

@INPROCEEDINGS{paper:8528787,
  author={Arifianto, Ridho Maulana and Sukarno, Parman and Jadied, Erwid Musthofa},
  booktitle={2018 6th International Conference on Information and Communication Technology (ICoICT)}, 
  title={An SSH Honeypot Architecture Using Port Knocking and Intrusion Detection System}, 
  year={2018},
  volume={},
  number={},
  pages={409-415},
  doi={10.1109/ICoICT.2018.8528787}}

    @misc{sshlog,
    author = {{Неизвестный автор}},
    title = "20100316-233121-1847.log",
    year = "2010",
    url = {http://kippo.rpg.fi/playlog/?l=20100316-233121-1847.log},
    note = "[Online; accessed 7-декабрь-2023]"
  }

    @misc{nsa-zerodays,
    author = "Liam Tung",
    title = " NSA: Our zero days put you at risk, but we do what we like with them ",
    year = "2014",
    url = {https://www.zdnet.com/article/nsa-our-zero-days-put-you-at-risk-but-we-do-what-we-like-with-them/},
    note = "[Online; accessed 7-декабрь-2023]"
  }

    @misc{market-zerodays,
    author = "Nicole Perlroth",
    title = "The Untold History of America’s Zero-Day Market",
    year = "2021",
    url = {https://www.wired.com/story/untold-history-americas-zero-day-market/},
    note = "[Online; accessed 7-декабрь-2023]"
  }
